<record><leader>00000cas a2200000 a 4500</leader><controlfield tag="001">11007652</controlfield><controlfield tag="008">840731d18861890tnudr ne      0   a0eng c</controlfield><datafield ind1=" " ind2=" " tag="010"><subfield code="a">sn 84024448 </subfield></datafield><datafield ind1=" " ind2=" " tag="040"><subfield code="a">NPV</subfield><subfield code="b">eng</subfield><subfield code="c">NPV</subfield><subfield code="d">NPU</subfield><subfield code="d">DLC</subfield><subfield code="d">KNP</subfield><subfield code="d">ANU</subfield><subfield code="d">MGN</subfield><subfield code="d">TGN</subfield><subfield code="d">CRL</subfield><subfield code="d">DLC</subfield><subfield code="d">CUI</subfield><subfield code="d">DLC</subfield><subfield code="d">OCLCQ</subfield><subfield code="d">OCLCF</subfield><subfield code="d">DLC</subfield></datafield><datafield ind1="0" ind2=" " tag="022"><subfield code="a">2372-546X</subfield><subfield code="2">1</subfield></datafield><datafield ind1=" " ind2=" " tag="042"><subfield code="a">pcc</subfield><subfield code="a">nsdp</subfield></datafield><datafield ind1=" " ind2=" " tag="043"><subfield code="a">n-us-tn</subfield></datafield><datafield ind1="0" ind2="0" tag="050"><subfield code="a">Newspaper</subfield></datafield><datafield ind1=" " ind2="4" tag="050"><subfield code="a">AN</subfield></datafield><datafield ind1="0" ind2="0" tag="082"><subfield code="a">071</subfield><subfield code="2">23</subfield></datafield><datafield ind1=" " ind2="4" tag="222"><subfield code="a">The Memphis appeal</subfield><subfield code="b">(Print)</subfield></datafield><datafield ind1="0" ind2="4" tag="245"><subfield code="a">The Memphis appeal.</subfield></datafield><datafield ind1="1" ind2="7" tag="246"><subfield code="a">Memphis daily appeal</subfield></datafield><datafield ind1=" " ind2=" " tag="260"><subfield code="a">Memphis, Tenn. :</subfield><subfield code="b">M.C. Galloway &amp; J.M. Keating,</subfield><subfield code="c">1886-1890.</subfield></datafield><datafield ind1=" " ind2=" " tag="300"><subfield code="a">5 v. :</subfield><subfield code="b">ill. ;</subfield><subfield code="c">66 cm.</subfield></datafield><datafield ind1=" " ind2=" " tag="310"><subfield code="a">Daily,</subfield><subfield code="b">Apr. 18, 1887-Nov. 8, 1890</subfield></datafield><datafield ind1=" " ind2=" " tag="321"><subfield code="a">Daily (except Monday),</subfield><subfield code="b">Jan. 28, 1886-Apr. 17, 1887</subfield></datafield><datafield ind1="0" ind2=" " tag="362"><subfield code="a">Vol. 46, no. 24 (Jan. 28, 1886)-v. 50, no. 284 (Nov. 8, 1890).</subfield></datafield><datafield ind1=" " ind2=" " tag="530"><subfield code="a">Archived issues are available in digital format from the Library of Congress Chronicling America online collection.</subfield></datafield><datafield ind1=" " ind2=" " tag="580"><subfield code="a">Merged with: Memphis avalanche (Memphis, Tenn. : Daily : 1885), to form: Appeal-avalanche.</subfield></datafield><datafield ind1=" " ind2="0" tag="651"><subfield code="a">Memphis (Tenn.)</subfield><subfield code="v">Newspapers.</subfield></datafield><datafield ind1=" " ind2="0" tag="651"><subfield code="a">Shelby County (Tenn.)</subfield><subfield code="v">Newspapers.</subfield></datafield><datafield ind1=" " ind2="7" tag="651"><subfield code="a">Tennessee</subfield><subfield code="z">Memphis.</subfield><subfield code="2">fast</subfield><subfield code="0">(OCoLC)fst01204194</subfield></datafield><datafield ind1=" " ind2="7" tag="651"><subfield code="a">Tennessee</subfield><subfield code="z">Shelby County.</subfield><subfield code="2">fast</subfield><subfield code="0">(OCoLC)fst01209894</subfield></datafield><datafield ind1=" " ind2="7" tag="655"><subfield code="a">Newspapers.</subfield><subfield code="2">fast</subfield><subfield code="0">(OCoLC)fst01423814</subfield></datafield><datafield ind1=" " ind2=" " tag="752"><subfield code="a">United States</subfield><subfield code="b">Tennessee</subfield><subfield code="c">Shelby</subfield><subfield code="d">Memphis.</subfield></datafield><datafield ind1="0" ind2=" " tag="775"><subfield code="t">Weekly appeal (Memphis, Tenn. : 1886)</subfield><subfield code="w">(DLC)sn 88061119</subfield><subfield code="w">(OCoLC)17969947</subfield></datafield><datafield ind1="0" ind2="8" tag="776"><subfield code="i">Online version:</subfield><subfield code="t">Memphis appeal (Online)</subfield><subfield code="x">2372-5478</subfield><subfield code="w">(DLC)  2014218281</subfield></datafield><datafield ind1="0" ind2="0" tag="780"><subfield code="t">Memphis daily appeal</subfield><subfield code="x">2166-1898</subfield><subfield code="w">(DLC)sn 83045160</subfield><subfield code="w">(OCoLC)9355541</subfield></datafield><datafield ind1="1" ind2="7" tag="785"><subfield code="t">Memphis avalanche (Memphis, Tenn. : Daily : 1885)</subfield><subfield code="w">(DLC)sn 85033686</subfield><subfield code="w">(OCoLC)1757100</subfield></datafield><datafield ind1="1" ind2="7" tag="785"><subfield code="t">Appeal-avalanche</subfield><subfield code="w">(DLC)sn 83045159</subfield><subfield code="w">(OCoLC)9669530</subfield></datafield><datafield ind1="4" ind2="1" tag="856"><subfield code="u">http://www.loc.gov/chroniclingamerica/lccn/sn84024448/issues</subfield></datafield><datafield ind1="1" ind2=" " tag="029"><subfield code="a">AU@</subfield><subfield code="b">000020079829</subfield></datafield></record>